@INPROCEEDINGS{4639371, 
author={D' Ippolito, N. and Fischbein, D. and Chechik, M. and Uchitel, S.}, 
booktitle={Automated Software Engineering, 2008. ASE 2008. 23rd IEEE/ACM International Conference on}, 
title={MTSA: The Modal Transition System Analyser}, 
year={2008}, 
month={Sept}, 
pages={475-476}, 
keywords={program diagnostics;software tools;modal transition system analyser;system behaviour;tool support;Best
practices;Buildings;Context modeling;Educational institutions;Information analysis;Mechanical
factors;Programming;Safety;Software design;Software systems}, 
doi={10.1109/ASE.2008.78}, 
ISSN={1938-4300},}

@book{Magee:2000:CSM:332036,
 author = {Magee, Jeff and Kramer, Jeff},
 title = {Concurrency: State Models \&Amp; Java Programs},
 year = {1999},
 isbn = {0-471-98710-7},
 publisher = {John Wiley \& Sons, Inc.},
 address = {New York, NY, USA},
} 

@book{Gradel:2002:ALI:938135,
 editor = {Gr\"{a}del, Erich and Thomas, Wolfgang and Wilke, Thomas},
 title = {Automata Logics, and Infinite Games: A Guide to Current Research},
 year = {2002},
 isbn = {3-540-00388-6},
 publisher = {Springer-Verlag New York, Inc.},
 address = {New York, NY, USA},
} 

@inproceedings{Giannakopoulou:2003:FMC:940071.940106,
 author = {Giannakopoulou, Dimitra and Magee, Jeff},
 title = {Fluent Model Checking for Event-based Systems},
 booktitle = {Proceedings of the 9th European Software Engineering Conference Held Jointly with 11th ACM SIGSOFT International Symposium on Foundations of Software Engineering},
 series = {ESEC/FSE-11},
 year = {2003},
 isbn = {1-58113-743-5},
 location = {Helsinki, Finland},
 pages = {257--266},
 numpages = {10},
 url = {http://doi.acm.org/10.1145/940071.940106},
 doi = {10.1145/940071.940106},
 acmid = {940106},
 publisher = {ACM},
 address = {New York, NY, USA},
 keywords = {linear temporal logic, model-checking, software architecture analysis},
}

@article{Bloem:2012:SRD:2160191.2160503,
 author = {Bloem, Roderick and Jobstmann, Barbara and Piterman, Nir and Pnueli, Amir and Saar, Yaniv},
 title = {Synthesis of Reactive(1) Designs},
 journal = {J. Comput. Syst. Sci.},
 issue_date = {May, 2012},
 volume = {78},
 number = {3},
 month = may,
 year = {2012},
 issn = {0022-0000},
 pages = {911--938},
 numpages = {28},
 url = {http://dx.doi.org/10.1016/j.jcss.2011.08.007},
 doi = {10.1016/j.jcss.2011.08.007},
 acmid = {2160503},
 publisher = {Academic Press, Inc.},
 address = {Orlando, FL, USA},
 keywords = {Game theory, Property synthesis, Realizability},
} 

@inproceedings{D'Ippolito:2010:SLB:1882291.1882305,
 author = {D' Ippolito, Nicol\'{a}s Roque and Braberman, Victor and Piterman, Nir and Uchitel, Sebasti\'{a}n},
 title = {Synthesis of Live Behaviour Models},
 booktitle = {Proceedings of the Eighteenth ACM SIGSOFT International Symposium on Foundations of Software Engineering},
 series = {FSE '10},
 year = {2010},
 isbn = {978-1-60558-791-2},
 location = {Santa Fe, New Mexico, USA},
 pages = {77--86},
 numpages = {10},
 url = {http://doi.acm.org/10.1145/1882291.1882305},
 doi = {10.1145/1882291.1882305},
 acmid = {1882305},
 publisher = {ACM},
 address = {New York, NY, USA},
 keywords = {behavioural modelling, controller synthesis},
} 

@InProceedings{DBPU12,
  author = 	 {N. D'Ippolito and V. Braberman and N. Piterman and S. Uchitel},
  title = 	 {The Modal Transition System Control Problem},
  booktitle = {19th International Symposium on Formal Methods},
  pages = 	 {155-170},
  year = 	 {2012},
  volume = 	 {7436},
  series = 	 lncs,
  address = 	 {Paris, France},
  publisher = springer,
  pdf = {2012/DBPU12.pdf},
  keywords = {Synthesis,Model Driven Development,Games},
}

