@article{MundoMaquina,
    author    = "Jackson, M",
    title     = "The world and the machine",
	journal   = "ICSE ’95, ACM",
    year      = "1995",
}

@article{Sintesis,
    author    = "Pnueli, A. and Rosner, R.",
    title     = "On the synthesis of a reactive module",
	journal   = "POPL, ACM",
    year      = "1989",
}

@article{LTS,
    author    = "Keller, R.M.",
    title     = "Formal verification of parallel programs",
	journal   = "Comm. ACM 19.",
    year      = "1976",
}

@article{MTS,
    author    = "Larsen, K. and Thomsen, B.",
    title     = "A Modal Process Logic",
	journal   = "Proc. LICS’88. IEEE",
    year      = "1988",
}

@article{FLTL,
    author    = "Giannakopoulou, D. and Magee, J.",
    title     = "Fluent model checking for event-based systems",
	journal   = "Proc. ESEC/FSE-11, ACM",
    year      = "2003",
}

@article{LTSControl,
    author    = "D’Ippolito, N. and Braberman  V. and Piterman, N. and Uchitel, S.",
    title     = "Synthesising non-anomalous event-based controllers for liveness goals",
	journal   = "TOSEM",
    year      = "2013",
}

@article{MTSControl,
    author    = "D’Ippolito, N. and Braberman  V. and Piterman, N. and Uchitel, S.",
    title     = "The Modal Transition System Control Problem",
	journal   = "????",
    year      = "2012",
}